

@booklet
{
url:john_von_neumann,
author      = {{John von Neumann-Institut f{\"u}r Computing}},
title       = {John von Neumann - Lebenslauf},
url         = {http://www.fz-juelich.de/nic/Allgemeines/JohnvonNeumann.html},
lastchecked = {25.07.2011}
}


@book
{
book:compInt,
author      = {Oliver Kramer},
title       = {Computional Intelligence},
publisher   = {Springer},
year        = {2009},
isbn        = {978-3-540-79738-8},
address     = {Berlin; Heidelberg}
}
